@online{FSI,
	Author = {Foreign Service Institute},
	Title = {Foreign Language Training},
	Url = {https://www.state.gov/foreign-language-training/},
	Urldate = {2020-11-09},
}

@online{ABOUT_JAPANESE,
	Author = {Botschaft von Japan in Deutschland},
	Title = {Feature - Kennen Sie Kanji? - zur japanischen Schrift},
	Url = {https://www.de.emb-japan.go.jp/feature/kanji.html},
	Urldate = {2020-11-09},
}

@thesis{RHC,
	Author = {Tsai, Charlie},
	Title = {Recognizing Handwritten Japanese Characters Using Deep Convolutional Neural Networks},
	Institution = {Stanford University},
	Location = {Stanford},
	Url = {http://cs231n.stanford.edu/reports/2016/pdfs/262{\_}Report.pdf},
	Urldate = {2020-11-09}
}

@book{MACHINE_LEARNING,
	author = {Geron, Aurelien},
	title = {Praxiseinstieg: Machine Learning mit Scikit-Learn  \& TensorFlow},
	date = {2018},
	publisher = {O'Reilly},
	location = {Heidelberg},
	isbn = {978-3-96009-061-8}
}

@article{TRANSFORMERS,
	author    = {Ashish Vaswani and
	Noam Shazeer and
	Niki Parmar and
	Jakob Uszkoreit and
	Llion Jones and
	Aidan N. Gomez and
	Lukasz Kaiser and
	Illia Polosukhin},
	title     = {Attention Is All You Need},
	journal   = {CoRR},
	volume    = {abs/1706.03762},
	year      = {2017},
	url       = {http://arxiv.org/abs/1706.03762},
	eprinttype = {arXiv},
	eprint    = {1706.03762},
	timestamp = {Sat, 23 Jan 2021 01:20:40 +0100},
	biburl    = {https://dblp.org/rec/journals/corr/VaswaniSPUJGKP17.bib},
	bibsource = {dblp computer science bibliography, https://dblp.org}
}

@misc{RNN_ATTENTION,
	title={Neural Machine Translation by Jointly Learning to Align and Translate}, 
	author={Dzmitry Bahdanau and Kyunghyun Cho and Yoshua Bengio},
	year={2016},
	eprint={1409.0473},
	archivePrefix={arXiv},
	primaryClass={cs.CL},
	url={https://arxiv.org/abs/1409.0473}
}

@article{VIT,
	author    = {Alexey Dosovitskiy and
	Lucas Beyer and
	Alexander Kolesnikov and
	Dirk Weissenborn and
	Xiaohua Zhai and
	Thomas Unterthiner and
	Mostafa Dehghani and
	Matthias Minderer and
	Georg Heigold and
	Sylvain Gelly and
	Jakob Uszkoreit and
	Neil Houlsby},
	title     = {An Image is Worth 16x16 Words: Transformers for Image Recognition
	at Scale},
	journal   = {CoRR},
	volume    = {abs/2010.11929},
	year      = {2020},
	url       = {https://arxiv.org/abs/2010.11929},
	eprinttype = {arXiv},
	eprint    = {2010.11929},
	timestamp = {Fri, 20 Nov 2020 14:04:05 +0100},
	biburl    = {https://dblp.org/rec/journals/corr/abs-2010-11929.bib},
	bibsource = {dblp computer science bibliography, https://dblp.org}
}



@article{JFT,
	author    = {Chen Sun and
	Abhinav Shrivastava and
	Saurabh Singh and
	Abhinav Gupta},
	title     = {Revisiting Unreasonable Effectiveness of Data in Deep Learning Era},
	journal   = {CoRR},
	volume    = {abs/1707.02968},
	year      = {2017},
	url       = {http://arxiv.org/abs/1707.02968},
	eprinttype = {arXiv},
	eprint    = {1707.02968},
	timestamp = {Fri, 05 Apr 2019 07:29:46 +0200},
	biburl    = {https://dblp.org/rec/journals/corr/SunSSG17.bib},
	bibsource = {dblp computer science bibliography, https://dblp.org}
}

@online{IMAGENET,
	Author = {Stanford Vision Lab, Stanford University, Princeton University},
	title = {ImageNet},
	url ={https://www.image-net.org/},
	urldate = {2021-11-13}
}

@online{ETL,
	Author = {National Institute of Advanced Industrial Science and Technology, Japan Electronics and Information Technology Industries Association},
	title = {About the ETL Character Database},
	url ={http://etlcdb.db.aist.go.jp/},
	urldate = {2021-11-13}
}

@online{ETL_FORMATS,
	Author = {National Institute of Advanced Industrial Science and Technology, Japan Electronics and Information Technology Industries Association},
	title = {File Formats and Sample Script},
	url ={http://etlcdb.db.aist.go.jp/file-formats-and-sample-unpacking-code},
	urldate = {2021-11-13}
}

@misc{simonyan2015deep,
	title={Very Deep Convolutional Networks for Large-Scale Image Recognition}, 
	author={Karen Simonyan and Andrew Zisserman},
	year={2015},
	eprint={1409.1556},
	archivePrefix={arXiv},
	primaryClass={cs.CV},
	url ={https://arxiv.org/abs/1409.1556e},
	urldate = {2021-11-16}
}

@online{vgg_keras,
	author={Keras},
	title = {VGG16 and VGG19},
	url ={https://keras.io/api/applications/vgg/},
	urldate = {2021-11-16}
}

@misc{resnet,
	title={Deep Residual Learning for Image Recognition}, 
	author={Kaiming He and Xiangyu Zhang and Shaoqing Ren and Jian Sun},
	year={2015},
	eprint={1512.03385},
	archivePrefix={arXiv},
	primaryClass={cs.CV},
	url ={https://arxiv.org/pdf/1512.03385.pdf},
	urldate = {2021-11-17}
}

@online{resnet_keras,
	author={Keras},
	title = {ResNet and ResNetV2},
	url ={https://keras.io/api/applications/resnet/},
	urldate = {2021-11-17}
}

@misc{resnetv2,
	title={Identity Mappings in Deep Residual Networks}, 
	author={Kaiming He and Xiangyu Zhang and Shaoqing Ren and Jian Sun},
	year={2016},
	eprint={1603.05027},
	archivePrefix={arXiv},
	primaryClass={cs.CV},
	url ={https://arxiv.org/pdf/1603.05027.pdf},
	urldate = {2021-11-17}
}

@online{git_vit,
	author={Fausto Morales},
	title = {vit-keras},
	url ={https://github.com/faustomorales/vit-keras},
	urldate ={2021-11-17}
}

@online{keras_vgg,
	author={Keras},
	title = {vgg16.py},
	url ={https://github.com/keras-team/keras-applications/blob/master/keras\_applications/vgg16.py},
	urldate ={2021-12-10}
}

@online{keras_res,
	author={Keras},
	title = {resnet50.py},
	url ={https://github.com/keras-team/keras-applications/blob/master/keras_applications/resnet50.py},
	urldate ={2021-12-10}
}